@COMMENT Brug http://www.it.usyd.edu.au/~niu/cgi-bin/springer.cgi
@COMMENT for at få bibtex udskrift fra Springerlink
@COMMENT
@COMMENT De fleste artikeldatabaser tilbyder også export til bibtex i forskellig grad

@COMMENT BEGIN Diagnosis articles

@article{HangwiTang11102006,
  author = {Tang Hangwi and Ng Jennifer Hwee Kwoon},
  interHash = {3469b245212c5abfe44e70d6a7b920bd},
  intraHash = {79966ee6812dd5a94325b2b8ff6b1be4},
  journal = {BMJ},
  pages = {bmj.39003.640567.AE},
  title = {{Googling for a diagnosis--use of Google as a diagnostic aid: internet based study}},
  url = {http://www.bmj.com/cgi/content/abstract/bmj.39003.640567.AEv1},
  year = {{2006}},
  doi = {10.1136/bmj.39003.640567.AE}
}

@article{RapidClassification,
author = {Graham L. Poulter},
title = {Rapid statistical classification on the Medline database of biomedical literature},
year = {2008},
}

@article{AutomatedNNLyme,
author = {Moneta, C. and Parodi, G. and Rovetta, S. and Zunino, R},
title = {Automated diagnosis and disease characterization using neural network analysis},
year = {1992},
}

@article{DRSwanson,
author = {Don R. Swanson},
title = {Fish Oil, Raynaud's syndrome, and undiscovered public knowledge},
year = {1886},
journal = {Perspectives in Biology and Medicine, 30 (1)},
url = {http://www.csd.uwo.ca/courses/CS9626a/papers\_files/Swanson.pdf}
}

@COMMENT -http://www.csd.uwo.ca/courses/CS9626a/papers\_files/Swanson.pdf volume = {30}

@article{survey.biomed.text.cohen.2005,
	  author = {Aaron M. Cohen and William R. Hersh},
	  interHash = {ee530ce6ede367696d219b397bc00364},
	  intraHash = {5f746b078dbe00e018db552f6735f565},
	  journal = {Briefings in bioinformatics},
	  number = {1},
	  pages = {57--71},
	  title = {A survey of current work in biomedical text mining.},
	  url = {http://bib.oxfordjournals.org/cgi/content/abstract/6/1/57},
	  volume = {6},
	  year = {2005},
	  id = {272363},
	  issn = {1467-5463},
	  priority = {2},
	  at = {2009-10-19 07:24:08},
	  doi = {10.1093/bib/6.1.57},
	  month = {March}
}

@article{ModelingWordBurstiness2005,
	 author = {Madsen, Rasmus E. and Kauchak, David and Elkan, Charles},
	 title = {Modeling word burstiness using the Dirichlet distribution},
	 journal = {ICML '05: Proceedings of the 22nd international conference on Machine learning},
	 year = {2005},
	 isbn = {1-59593-180-5},
	 pages = {545--552},
	 location = {Bonn, Germany},
	 doi = {http://doi.acm.org/10.1145/1102351.1102420},
	 publisher = {ACM},
	 address = {New York, NY, USA}
}

@article{SVMHeartDiseaseClassification,
	 author = {Sumit Bhatia and Praveen Prakash and G.N. Pillai},
	 title = {SVM Based Decision Support System for Heart Disease Classification with Integer-Coded Genetic Algorithm to Select Critical Features},
	 journal = {Proceedings of the World Congress on Engineering and Computer Science 2008, WCECS 2008},
	 isbn = {978-988-98671-0-2},

}

@article{FDGPET,
	Author = {Mijnhout, G. Sophie and Hooft, Lotty and van Tulder, Maurits W. and Devill\'e, Walter L.J.M. and Teule, Gerrit J.J. and Hoekstra, Otto S.},
	ISSN = {03406997},
	Journal = {European Journal of Nuclear Medicine},
	Keywords = {TOMOGRAPHY, Emission, FLUORINE, ISOTOPES, DATABASES},
	Number = {1},
	Pages = {91 -- 97},
	Title = {How to perform a comprehensive search for FDG-PET literature.},
	Volume = {27},
	URL = {http://search.ebscohost.com/login.aspx?direct=true&db=a9h&AN=4721024&site=ehost-live},
	Year = {2000}
}

@article{DiagnosingIschaemicHeartDiseaseML,
 	author = {Matjaz Kukar and Ciril Groselj and Igor Kononenko and Jure J. Fettich},
 	title = {Diagnosing the Ischaemic Heart Disease with Machine Learning},
 	year = {},
 }

@article{Wang1999115,
	title = "Computer-assisted diagnosis of breast cancer using a data-driven Bayesian belief network",
	journal = "International Journal of Medical Informatics",
	volume = "54",
	number = "2",
	pages = "115 -- 126",
	year = "1999",
	note = "",
	issn = "1386--5056",
	doi = "DOI: 10.1016/S1386-5056(98)00174-9",
	url = "http://www.sciencedirect.com/science/article/B6T7S-3W07T94-4/2/c04133cdceaf3097c652094ad1bec1d2",
	author = "Xiao-Hui Wang and Bin Zheng and Walter F. Good and Jill L. King and Yuan-Hsiang Chang",
	keywords = "Bayesian belief network",
	keywords = "Breast cancer",
	keywords = "Computer-assisted diagnosis",
	keywords = "Classifier",
	keywords = "Cross-validation",
	keywords = "Machine learning"
}

@article{AutomatedMalignancyRecognition,
	author = {Yang Jin and Ryan T. McDonald and Kevin Lerman and Mark A. Mandel and Steven Carroll and Mark Y. Liberman and Fernando C. Pereira and Raymond S. Winters},
	title = {Automated recognition of malignancy mentions in biomedical literature},
	journal = {BMC Bioinformatics},
	volume = {7},
	year = {2006},
	PubMedID = {17090325}
}

@article{RetrievalEffectiveness,
	author = {W.R. Hersh and D.H. Hickam},
	title = {A comparison of retrieval effectiveness for 3 methods of indexing medical literature},
	journal = {The American Journal of the Medical Sciences},
	volume = {303},
	year = {1992}
}

@article{Kurz2002309,
	title = "Going beyond stemming: creating concept signatures of complex medical terms",
	journal = "Knowledge-Based Systems",
	volume = "15",
	number = "5--6",
	pages = "309 -- 313",
	year = "2002",
	note = "",
	issn = "0950-7051",
	doi = "DOI: 10.1016/S0950-7051(01)00166-6",
	url = "http://www.sciencedirect.com/science/article/B6V0P-44RNPSD-6/2/aeffbdb93cf83f5473ca1f2e2492f725",
	author = "Thorsten Kurz and Kilian Stoffel",
	keywords = "Stemming",
	keywords = "Concept signature",
	keywords = "Information retrieval"
}

@book{DataMiningBiomedicine,
	 author = {Pardalos, Panos M. and Boginski, Vladimir L. and Vazacopoulos, Alkis},
	 title = {Data Mining in Biomedicine},
	 year = {2007},
	 isbn = {0387693181, 9780387693187},
	 publisher = {Springer Publishing Company, Incorporated}
 }

@book{TheInternetforPhysicians,
	title = {The Internet for Physicians},
	author = {Roger P. Smith},
	publisher = {Springer New York},
	url = {http://www.springerlink.com/content/u030170128062736/},
	pages = {109--121},
	volume = {3},
	doi = {10.1007/0-387-21732-0_8},
	year = {2002},
        isbn = {978-0-387-95312-0 (Print) 978-0-387-21732-1 (Online)}

}

@book{IntroIR2009,
	author = {Christopher D. Manning, Prabhakar Raghavan \& Hinrich Schütze},
	title = {An Introduction to Information Retrieval},
	year = {2009},
        month= {April},
	publisher = {Cambridge University Press},
	note = {Available at http://www.informationretrieval.org/}
}

@book{CollectiveIntelligence,
	author = {Toby Segaran},
	title = {Programming Collective Intelligence},
	year = {2007},
	publisher = {O'Reilly},
	isbn = {978-0-596-52932}
}

@COMMENT END Diagnosis articles



@COMMENT Nedenstående kan bruges som skabelon for internetadresser
@COMMENT Der er ikke nogen umiddelbar funktionalitet der understøtter dette i BibTeX
@COMMENT REMEMBER TO ESCAPE _ and & !!!!

@misc{Ref,
	title = {},
	howpublished = {\href{}{}}
}

@COMMENT BEGIN Henrik Joergensen

@misc{TheDude,
	author = {Henrik L. J\o rgensen},
	howpublished = {Chief Phycisian at Bispebjerg Hospital, Clinical Biochemistry (Klinisk Biokemi)}
}

@COMMENT END


@COMMENT Disease links
@misc{PubMed,
	title = {{P}ub{M}ed},
	howpublished = {\href{http://www.pubmed.org}{http://www.pubmed.org}}
}

@misc{Ref,
	title = {Socialstyrelsen.se},
	howpublished = {\href{http://www.socialstyrelsen.se/english/international/rarediseases}{www.socialstyrelsen.se}}
}

@misc{PubmedHelpSearch,
	title = {Pubmed Help Search},
	howpublished = {\href{http://www.ncbi.nlm.nih.gov/bookshelf/br.fcgi?book=helppubmed&part=pubmedhelp#pubmedhelp.Searching\_PubMed}{http://www.ncbi.nlm.nih.gov/bookshelf/br.fcgi? book$=$helppubmed\&part$=$pubmedhelp\#pubmedhelp.Searching\_PubMed}}
}

@misc{Orphanet,
	title = {{O}rpha{N}et},
	howpublished = {\href{http://www.orpha.net}{http://www.orpha.net}}
}

@misc{Rarediseases,
	title = {{R}are{D}iseases},
	howpublished = {\href{http://rarediseases.info.nih.gov/}{http://rarediseases.info.nih.gov/}}
}

@misc{CitAddMedLine,
	title = {{C}itations {A}dded to {M}ED{L}INE by Fiscal Year},
	howpublished = {\href{http://www.nlm.nih.gov/bsd/stats/cit\_added.html}{http://www.nlm.nih.gov/bsd/stats/cit\_added.html}}
}


@misc{PubMedFactSheetMedline,
	title = {{P}ub{M}ed {F}act {S}heets {M}edLine},
	howpublished = {\href{http://www.nlm.nih.gov/pubs/factsheets/medline.html}{http://www.nlm.nih.gov/pubs/factsheets/medline.html}}
}

@misc{PubMedFactSheet,
	title = {{P}ubMed {F}act {S}heet},
	howpublished = {\href{http://www.nlm.nih.gov/pubs/factsheets/pubmed.html}{http://www.nlm.nih.gov/pubs/factsheets/pubmed.html}}
}

@misc{NCBIFactSheet,
	title = {{F}act {S}heet The {N}ational {C}enter for {B}iotechnology {I}nformation Programs and Activities},
	howpublished = {\href{http://www.nlm.nih.gov/pubs/factsheets/ncbi.html}{http://www.nlm.nih.gov/pubs/factsheets/ncbi.html}}
}

@misc{FactSheetMeSH,
	title = {Fact Sheet Medical Subject Headings ({MeSH})},
	howpublished = {\href{http://www.nlm.nih.gov/pubs/factsheets/mesh.html}{http://www.nlm.nih.gov/pubs/factsheets/mesh.html}}
}

@misc{EntrezProgUtil,
	title = {{E}ntrez {P}rogramming {U}tilities},
	howpublished = {\href{http://eutils.ncbi.nlm.nih.gov/}{http://eutils.ncbi.nlm.nih.gov/}}
}

@misc{AboutRareDiseasesOrphanet,
	title = {{A}bout {R}are {D}iseases - At {O}rphanet},
	howpublished = {\href{http://www.orpha.net/consor/cgi-bin/Education\_AboutRareDiseases.php?lng=EN}{http://www.orpha.net/consor/cgi$-$bin /Education\_AboutRareDiseases.php?lng$=$EN}}
}

@misc{OrphanetEncyclopedia,
	title = {{O}rphanet {E}ncyclopedia},
	howpublished = {\href{http://www.orpha.net/consor/cgi-bin/Education\_AboutOrphanet.php?lng=EN&stapage=ST\_EDUCATION\_EDUCATION\_ABOUTORPHANET\_ORGANIS}{http://www.orpha.net/consor/cgi$-$bin/Education\_About Orphanet.php?lng$=$EN\&stapage$=$ST\_EDUCATION\_EDUCATION\_ ABOUTORPHANET\_ORGANIS}}
}

@misc{RareDiseaseDef,
	title = {{R}are {D}iseases {D}efinition and {L}ist},
	howpublished = {\href{http://rarediseases.info.nih.gov/RareDiseaseList.aspx?PageID=1}{http://rarediseases.info.nih.gov/RareDisease List.aspx?PageID=1}}
}

@misc{NIHOverview,
	title = {{NIH} {O}verview},
	howpublished = {\href{http://www.nih.gov/about/NIHoverview.html}{http://www.nih.gov/about/NIHoverview.html}}
}

@misc{OMIM,
	title = {{OMIM} - Online Mendelian Inheritance in Man},
	howpublished = {\href{http://www.ncbi.nlm.nih.gov/sites/entrez?db=omim}{http://www.ncbi.nlm.nih.gov/sites/entrez?db=omim}}
}

@misc{Entrez,
	title = {{Entrez}},
	howpublished = {\href{http://www.ncbi.nlm.nih.gov/Database/index.html}{http://www.ncbi.nlm.nih.gov/Database/index.html}}
}

@misc{Chilibot,
	title = {{Chilibot}},
	howpublished = {\href{http://www.chilibot.net/}{http://www.chilibot.net/}}
}

@misc{IHOP,
	title = {{iHOP}},
	howpublished = {\href{http://www.ihop-net.org/UniPub/iHOP/}{http://www.ihop-net.org/UniPub/iHOP/}}
}

@misc{PubMedHelpSearchFieldDescriptionsTags,
	title = {{P}ubmed {H}elp {S}earch {F}ield {D}escriptions and {T}ags},
	howpublished = {\href{http://www.ncbi.nlm.nih.gov/bookshelf/br.fcgi?book=helppubmed\&part=pubmedhelp\#pubmedhelp.Search\_Field\_Descrip}{http://www.ncbi.nlm.nih.gov/bookshelf/br.fcgi?book=helppubmed\&part= pubmedhelp\#pubmedhelp.Search\_Field\_Descrip}}
}

@misc{UnderstandingTFIDF,
        author = {E. Garcia},
	title = {Understanding TFIDF},
	howpublished = {\href{http://irthoughts.wordpress.com/2008/07/07/understanding-tfidf/}{http://irthoughts.wordpress.com/2008/07/ 07/understanding-tfidf/}}
}

@misc{MedLineCitAdded,
	title = {MedLine citations added},
	howpublished = {\href{http://www.nlm.nih.gov/bsd/stats/cit\_added.html}{http://www.nlm.nih.gov/bsd/stats/cit\_added.html}}
}

@COMMENT END of Disease links

@COMMENT BEGIN of Development links
@misc{PythonLanguage,
	title = {{Python Programming Language}},
	howpublished = {\href{http://www.python.org}{http://www.python.org}}
}

@misc{BS,
	title = {{BeautifulSoup}},
	howpublished = {\href{http://www.crummy.com/software/BeautifulSoup/documentation.html}{http://www.crummy.com/software/BeautifulSoup/documentation.html}}
}

@misc{UL2,
	title = {{Urllib2}},
	howpublished = {\href{http://docs.python.org/library/urllib2.html}{http://docs.python.org/library/urllib2.html}}
}

@misc{cPicklePython,
	title = {{cPickle Python}},
	howpublished = {\href{http://docs.python.org/library/pickle.html}{http://docs.python.org/library/pickle.html}}
}

@misc{SciPy,
	title = {SciPy},
	howpublished = {\href{www.scipy.org}{www.scipy.org}}
}

@misc{NumPy,
	title = {Numpy},
	howpublished = {\href{http://numpy.scipy.org/}{http://numpy.scipy.org/}}
}

@misc{MatrixMarket,
	title = {Matrix Market},
	howpublished = {\href{http://math.nist.gov/MatrixMarket/formats.html}{http://math.nist.gov/MatrixMarket/formats.html}}
}

@misc{PIL,
	title = {{Python Imaging Library}},
	howpublished = {\href{http://www.pythonware.com/products/pil/}{http://www.pythonware.com/products/pil/}},
}

@COMMENT END of Development links
